<record><leader>00000cas a2200000 i 4500</leader><controlfield tag="001">878687406</controlfield><controlfield tag="007">hd afb---bacp</controlfield><controlfield tag="007">hd afb---babp</controlfield><controlfield tag="008">140430d17531755mauwr nea     0    0eng c</controlfield><datafield ind1=" " ind2=" " tag="010"><subfield code="a">  2014252014</subfield></datafield><datafield ind1=" " ind2=" " tag="040"><subfield code="a">WAU</subfield><subfield code="b">eng</subfield><subfield code="e">rda</subfield><subfield code="c">WAU</subfield><subfield code="d">WAU</subfield><subfield code="d">OCLCO</subfield><subfield code="d">WAU</subfield></datafield><datafield ind1=" " ind2=" " tag="042"><subfield code="a">pcc</subfield></datafield><datafield ind1=" " ind2=" " tag="043"><subfield code="a">n-us-ma</subfield></datafield><datafield ind1="0" ind2="4" tag="245"><subfield code="a">The Boston gazette, or, Weekly advertiser.</subfield></datafield><datafield ind1="3" ind2="0" tag="246"><subfield code="a">Boston gazette</subfield></datafield><datafield ind1="3" ind2="0" tag="246"><subfield code="a">Weekly advertiser</subfield></datafield><datafield ind1=" " ind2="1" tag="264"><subfield code="a">Boston [Mass.] :</subfield><subfield code="b">S. Kneeland,</subfield><subfield code="c">1753-1755.</subfield></datafield><datafield ind1=" " ind2=" " tag="300"><subfield code="a">118 no. ;</subfield><subfield code="c">38 cm.</subfield></datafield><datafield ind1=" " ind2=" " tag="310"><subfield code="a">Weekly</subfield></datafield><datafield ind1=" " ind2=" " tag="336"><subfield code="a">text</subfield><subfield code="b">txt</subfield><subfield code="2">rdacontent</subfield></datafield><datafield ind1=" " ind2=" " tag="337"><subfield code="a">microform</subfield><subfield code="b">h</subfield><subfield code="2">rdamedia</subfield></datafield><datafield ind1=" " ind2=" " tag="338"><subfield code="a">microfilm reel</subfield><subfield code="b">hd</subfield><subfield code="2">rdacarrier</subfield></datafield><datafield ind1="1" ind2=" " tag="362"><subfield code="a">Began with: No. 1 (Jan. 3, 1753); ceased with: no. 118 (Apr. 1, 1755).</subfield></datafield><datafield ind1=" " ind2=" " tag="500"><subfield code="a">"Containing the freshest Advices Foreign &amp; Domestick."</subfield></datafield><datafield ind1=" " ind2=" " tag="533"><subfield code="a">Microfilm.</subfield><subfield code="b">Rochester, N.Y. :</subfield><subfield code="c">Recordak Corporation.</subfield><subfield code="e">microfilm reels ; 35 mm.</subfield></datafield><datafield ind1=" " ind2=" " tag="588"><subfield code="a">Description based on: No. 4 (Jan. 23, 1753); title from masthead.</subfield></datafield><datafield ind1=" " ind2=" " tag="588"><subfield code="a">Latest issue consulted: No. 115 (Mar. 11, 1755).</subfield></datafield><datafield ind1=" " ind2="0" tag="651"><subfield code="a">Boston (Mass.)</subfield><subfield code="v">Newspapers.</subfield></datafield><datafield ind1=" " ind2="0" tag="651"><subfield code="a">Suffolk County (Mass.)</subfield><subfield code="v">Newspapers.</subfield></datafield><datafield ind1=" " ind2="7" tag="651"><subfield code="a">Massachusetts</subfield><subfield code="z">Boston.</subfield><subfield code="2">fast</subfield><subfield code="0">(OCoLC)fst01205012</subfield></datafield><datafield ind1=" " ind2="7" tag="651"><subfield code="a">Massachusetts</subfield><subfield code="z">Suffolk County.</subfield><subfield code="2">fast</subfield><subfield code="0">(OCoLC)fst01206189</subfield></datafield><datafield ind1=" " ind2="7" tag="655"><subfield code="a">Newspapers.</subfield><subfield code="2">fast</subfield><subfield code="0">(OCoLC)fst01423814</subfield></datafield><datafield ind1="1" ind2=" " tag="700"><subfield code="a">Kneeland, Samuel,</subfield><subfield code="d">1697-1769.</subfield></datafield><datafield ind1=" " ind2=" " tag="752"><subfield code="a">United States</subfield><subfield code="b">Massachusetts</subfield><subfield code="c">Suffolk</subfield><subfield code="d">Boston.</subfield></datafield><datafield ind1="1" ind2=" " tag="776"><subfield code="t">Boston gazette, or, Weekly advertiser</subfield><subfield code="w">(DLC)sn 83021290</subfield><subfield code="w">(OCoLC)10075823</subfield></datafield><datafield ind1="0" ind2="0" tag="780"><subfield code="t">Boston gazette, or, Weekly journal</subfield><subfield code="w">(DLC)  2014252013</subfield><subfield code="w">(OCoLC)878687113</subfield></datafield><datafield ind1="0" ind2="0" tag="785"><subfield code="t">Boston gazette, or, Country journal</subfield><subfield code="w">(DLC)  2014252015</subfield><subfield code="w">(OCoLC)878687972</subfield></datafield></record>